% This file was created with JabRef 2.7.
% Encoding: Cp1252

@ARTICLE{JohnE.Bentley,
  author = {Bentley, John E. and Bank, Wachovia},
  title = {Software Testing Fundamentals—Concepts, Roles, and Terminology},
  owner = {CDE-Marco},
  timestamp = {2011.10.10}
}

@BOOK{Crosby1979,
  title = {Quality Is Free: The Art of Making Quality Certain: How to Manage
	Quality - So That It Becomes A Source of Profit for Your Business},
  publisher = {McGraw-Hill Companies},
  year = {1979},
  author = {Crosby, Philip B.},
  owner = {CDE-Marco},
  timestamp = {2011.09.23}
}

@ARTICLE{Davies2000,
  author = {Davies, E. and Whyman, M.},
  title = {ISO 9000:2000-new ISO, new responsibilities for top management},
  journal = {Engineering Management Journal},
  year = {2000},
  pages = {244 - 248},
  owner = {CDE-Marco},
  timestamp = {2011.09.23}
}

@STANDARD{RohitDhiman2005,
  title = {ISO/IEC 9126 Standard},
  organization = {ISO/IEC},
  author = {Dhiman, Rohit and Sigel, Christian and Dörr, Jörg},
  year = {2005},
  owner = {CDE-Marco},
  timestamp = {2011.09.23}
}

@ARTICLE{Freedman1984,
  author = {Freedman, G. M. and Weinberg, D. P.},
  title = {Reviews, Walkthroughs and Inspections},
  journal = {IEEE Transactions on Software Engineering},
  year = {1984},
  owner = {CDE-Marco},
  timestamp = {2011.10.18}
}

@ARTICLE{Harjumma2005,
  author = {Harjumma, L.},
  title = {Peer Reviews in Real Life - Motivators and Demotivators.},
  journal = {International Conference on Quality Software},
  year = {2005},
  owner = {CDE-Marco},
  timestamp = {2011.10.06}
}

@BOOK{Humphrey,
  title = {PSP A Self-Improvement Process form Software Engineers},
  publisher = {Addison - Wesley},
  year = {2005},
  editor = {Pearson Education},
  author = {Humphrey, W. S.},
  owner = {CDE-Marco},
  timestamp = {2011.10.06}
}

@BOOK{Humphrey2002,
  title = {Winning with Software, An Executive Strategy, How to Transform Your
	Software Group into a Competitive Asset},
  publisher = {Addison - Wesley},
  year = {2002},
  author = {Humphrey, W. S.},
  owner = {CDE-Marco},
  timestamp = {2011.10.06}
}

@BOOK{Juran1988,
  title = {Juran's quality control handbook},
  publisher = {McGraw-Hill},
  year = {1988},
  author = {Juran, Joseph M. and Gryna, Frank M.},
  owner = {CDE-Marco},
  timestamp = {2011.09.23}
}

@CONFERENCE{Owens1997,
  author = {Owens, K.},
  title = {Software Detailed Technical Reviews: Finding and Using Defects},
  booktitle = {Proceedings Wescon},
  year = {1997},
  owner = {CDE-Marco},
  timestamp = {2011.10.18}
}

@MANUAL{Shmelkes1998,
  title = {Manual para la presentaci{\'o}n de anteproyectos e informes de investigaci{\'o}n
	(tesis)},
  author = {Shmelkes, C.},
  edition = {ISBN 970-613-354-2},
  year = {1998},
  date-added = {2011-09-13 04:29:17 +0000},
  date-modified = {2011-09-13 04:37:53 +0000},
  school = {M{\'e}xico: Oxford}
}

@CONFERENCE{Herzwurm1996,
  author = {Stelzer, D. and Mellis, W. and Herzwurm, G.},
  title = {Software process improvement via ISO 9000? Results of two surveys
	among European software houses},
  booktitle = {Proceedings of the Twenty-Ninth Hawaii International Conference on
	System Sciences},
  year = {1996},
  pages = {703 - 712},
  owner = {CDE-Marco},
  timestamp = {2011.10.10}
}

@CONFERENCE{Yoo2005,
  author = {Yoo, Chanwoo and Yoon, Junho and Lee, Byungjeong and Lee, Chongwon
	and Lee, Jinyoung and Hyun, Seunghun and Wu, Chisu},
  title = {An integrated model of ISO 9001:2000 and CMMI for ISO registered
	organizations},
  booktitle = {Software Engineering Conference, 2004. 11th Asia-Pacific},
  year = {2005},
  pages = {150-157},
  owner = {CDE-Marco},
  timestamp = {2011.10.10}
}

